@article{Humphreys2021,
  doi = {10.1057/s41302-020-00178-0},
  url = {https://doi.org/10.1057/s41302-020-00178-0},
  year = {2021},
  month = jan,
  publisher = {Springer Science and Business Media {LLC}},
  volume = {47},
  number = {1},
  pages = {9--28},
  author = {Brad R. Humphreys},
  title = {Legalized Sports Betting,  {VLT} Gambling,  and State Gambling Revenues: Evidence from West Virginia},
  journal = {Eastern Economic Journal}
}

@article{deChaisemartin2017,
  doi = {10.1093/restud/rdx049},
  url = {https://doi.org/10.1093/restud/rdx049},
  year = {2017},
  month = aug,
  publisher = {Oxford University Press ({OUP})},
  volume = {85},
  number = {2},
  pages = {999--1028},
  author = {C de Chaisemartin and X D'Haultf{\OE}uille},
  title = {Fuzzy Differences-in-Differences},
  journal = {The Review of Economic Studies}
}

@misc{https://doi.org/10.48550/arxiv.2011.03593,
  doi = {10.48550/ARXIV.2011.03593},
  url = {https://arxiv.org/abs/2011.03593},
  author = {Ye,  Ting and Ertefaie,  Ashkan and Flory,  James and Hennessy,  Sean and Small,  Dylan S.},
  keywords = {Methodology (stat.ME),  FOS: Computer and information sciences,  FOS: Computer and information sciences},
  title = {Instrumented Difference-in-Differences},
  publisher = {arXiv},
  year = {2020},
  copyright = {arXiv.org perpetual,  non-exclusive license}
}

@article{Callaway2021,
  doi = {10.1016/j.jeconom.2020.12.001},
  url = {https://doi.org/10.1016/j.jeconom.2020.12.001},
  year = {2021},
  month = dec,
  publisher = {Elsevier {BV}},
  volume = {225},
  number = {2},
  pages = {200--230},
  author = {Brantly Callaway and Pedro H.C. Sant'Anna},
  title = {Difference-in-Differences with multiple time periods},
  journal = {Journal of Econometrics}
}

@article{Duflo2001,
  doi = {10.1257/aer.91.4.795},
  url = {https://doi.org/10.1257/aer.91.4.795},
  year = {2001},
  month = sep,
  publisher = {American Economic Association},
  volume = {91},
  number = {4},
  pages = {795--813},
  author = {Esther Duflo},
  title = {Schooling and Labor Market Consequences of School Construction in Indonesia: Evidence from an Unusual Policy Experiment},
  journal = {American Economic Review}
}
